@unpublished{ZurelHeimendahl2022,
	title = {Hidden Variable Model for Quantum Computation with Magic States on Any Number of Qudits of Any Dimension},
	author = {\textbf{MZ} and Cihan Okay and Robert Raussendorf and Arne Heimendahl},
	year = {2021},
	eprint = {2110.12318},
	eprinttype = {arXiv}
}

@unpublished{RaussendorfFeldmann2022,
	title = {The role of cohomology in quantum computation with magic states},
	author = {Robert Raussendorf and Cihan Okay and \textbf{MZ} and Polina Feldmann},
	year = {2021},
	eprint = {2110.11631},
	eprinttype = {arXiv}
}

@article{OkayRaussendorf2021,
	title = {On the extremal points of the $\Lambda$-polytopes and classical simulation of quantum computation with magic states},
	author = {Cihan Okay and \textbf{MZ} and Robert Raussendorf},
	journal = {Quantum Information \& Computation},
	volume = {21},
	number = {13\&14},
	year = {2021},
	doi = {10.26421/QIC21.13-14-2},
	eprint = {2104.05822},
	eprinttype = {arXiv}
}

@mastersthesis{Zurel2020,
	title = {Hidden variable models and classical simulation algorithms for quantum computation with magic states on qubits},
	author = {\textbf{MZ}},
	year = {2020},
	type = {MSc thesis},
	institution = {University of British Columbia},
	doi = {10.14288/1.0394790}
}

@article{ZurelRaussendorf2020,
	title = {Hidden Variable Model for Universal Quantum Computation with Magic States on Qubits},
	author = {\textbf{MZ} and Cihan Okay and Robert Raussendorf},
	journal = {Physical Review Letters},
	volume = {125},
	number = {26},
	pages = {260404},
	year={2020},
	doi = {10.1103/PhysRevLett.125.260404},
	eprint = {2004.01992},
	eprinttype = {arXiv}
}

@article{RaussendorfZurel2020,
	title = {Phase-space-simulation method for quantum computation with magic states on qubits},
	author = {Robert Raussendorf and Juani Bermejo-Vega and Emily Tyhurst and Cihan Okay and \textbf{MZ}},
	journal = {Physical Review A},
	volume = {101},
	number = {1},
	pages = {012350},
	year = {2020},
	doi = {10.1103/PhysRevA.101.012350},
	eprint = {1905.05374},
	eprinttype = {arXiv}
}